<?xml version="1.0" encoding="UTF-8"?><collection xmlns="http://www.loc.gov/MARC21/slim"><record><leader>00358nam--2200121-i-4500</leader><controlfield tag="001">000004841</controlfield><controlfield tag="002">20161230</controlfield><controlfield tag="005">20161230201026</controlfield><controlfield tag="008">060222s1000------------r-----000-0-eng-d</controlfield><datafield ind1=" " ind2=" " tag="100"><subfield code="a">Bouissoux M</subfield></datafield><datafield ind1=" " ind2=" " tag="245"><subfield code="a">Cours de schemas d`electricite acccompagne d`e xtraits de normes francaises. douxieme edition</subfield></datafield><datafield ind1=" " ind2=" " tag="260"><subfield code="a">Paris, Dunod, 1959 Xxxiv + 137 P</subfield></datafield><datafield ind1=" " ind2=" " tag="852"><subfield code="a">14837</subfield></datafield></record></collection>